%% This BibTeX bibliography file was created using BibDesk.
%% https://bibdesk.sourceforge.io/

%% Created for Constantino Tsarouhas at 2022-01-07 22:46:38 +0100 


%% Saved with string encoding Unicode (UTF-8) 



@article{retptr,
	author = {Lau Skorstengaard and Dominique Devriese and Lars Birkedal},
	date-added = {2022-01-07 22:40:57 +0100},
	date-modified = {2022-01-07 22:46:38 +0100},
	journal = {ACM Trans. Program. Lang. Syst.},
	month = {December},
	number = {1},
	pages = {53},
	rating = {5},
	read = {1},
	title = {Reasoning about a Machine with Local Capabilities: Provably Safe Stack and Return Pointer Management},
	volume = {42},
	year = {2019},
	bdsk-file-1 = {YnBsaXN0MDDSAQIDBFxyZWxhdGl2ZVBhdGhZYWxpYXNEYXRhbxCTAC4ALgAvAC4ALgAvAC4ALgAvAC4ALgAvAEwAaQBiAHIAYQByAHkALwBNAG8AYgBpAGwAZQAgAEQAbwBjAHUAbQBlAG4AdABzAC8AYwBvAG0AfgBhAHAAcABsAGUAfgBDAGwAbwB1AGQARABvAGMAcwAvAEEAYwBhAGQAZQBtAGkAYwBzAC8ATQBhAHMAdABlAHIgGABzACAAVABoAGUAcwBpAHMALwBMAGkAdABlAHIAYQB0AHUAcgBlAC8AUAByAG8AdgBhAGIAbAB5ACAAUwBhAGYAZQAgAFMAdABhAGMAawAgAGEAbgBkACAAUgBlAHQAdQByAG4AIABQAG8AaQBuAHQAZQByACAATQBhAG4AYQBnAGUAbQBlAG4AdAAuAHAAZABmTxECeAAAAAACeAACAAAMTWFjaW50b3NoIEhEAAAAAAAAAAAAAAAAAAAAAAAAAEJEAAH/////H1Byb3ZhYmx5IFNhZmUgU3RhYyNGRkZGRkZGRi5wZGYAAAAAAAAAAAAAAAAAAAAAAAAAAAAAAAAAAAAAAAAAAP////8AAAAAAAAAAAAAAAAABAAHAAAKIGN1AAAAAAAAAAAAAAAAAApMaXRlcmF0dXJlAAIAmC86VXNlcnM6Y3R4cHBjOkxpYnJhcnk6TW9iaWxlIERvY3VtZW50czpjb21+YXBwbGV+Q2xvdWREb2NzOkFjYWRlbWljczpNYXN0ZXLigJhzIFRoZXNpczpMaXRlcmF0dXJlOlByb3ZhYmx5IFNhZmUgU3RhY2sgYW5kIFJldHVybiBQb2ludGVyIE1hbmFnZW1lbnQucGRmAA4AbAA1AFAAcgBvAHYAYQBiAGwAeQAgAFMAYQBmAGUAIABTAHQAYQBjAGsAIABhAG4AZAAgAFIAZQB0AHUAcgBuACAAUABvAGkAbgB0AGUAcgAgAE0AYQBuAGEAZwBlAG0AZQBuAHQALgBwAGQAZgAPABoADABNAGEAYwBpAG4AdABvAHMAaAAgAEgARAASAJZVc2Vycy9jdHhwcGMvTGlicmFyeS9Nb2JpbGUgRG9jdW1lbnRzL2NvbX5hcHBsZX5DbG91ZERvY3MvQWNhZGVtaWNzL01hc3RlcuKAmHMgVGhlc2lzL0xpdGVyYXR1cmUvUHJvdmFibHkgU2FmZSBTdGFjayBhbmQgUmV0dXJuIFBvaW50ZXIgTWFuYWdlbWVudC5wZGYAEwABLwAAFQACAA3//wAAAAgADQAaACQBTQAAAAAAAAIBAAAAAAAAAAUAAAAAAAAAAAAAAAAAAAPJ}}

@article{uninitcaps,
	author = {A{\"\i}na Linn Georges and Arma{\"e}l Gu{\'e}neau and Thomas Van Strydonck and Amin Timany and Alix Trieu and Sander Huyghebaert and Dominique Devriese and Lars Birkedal},
	date-added = {2022-01-07 22:25:14 +0100},
	date-modified = {2022-01-07 22:46:33 +0100},
	journal = {Proc. ACM Program. Lang.},
	month = {January},
	pages = {30},
	rating = {5},
	read = {1},
	title = {Efficient and Provable Local Capability Revocation using Uninitialized Capabilities},
	volume = {5},
	year = {2021},
	bdsk-file-1 = {YnBsaXN0MDDSAQIDBFxyZWxhdGl2ZVBhdGhZYWxpYXNEYXRhbxC1AC4ALgAvAC4ALgAvAC4ALgAvAC4ALgAvAEwAaQBiAHIAYQByAHkALwBNAG8AYgBpAGwAZQAgAEQAbwBjAHUAbQBlAG4AdABzAC8AYwBvAG0AfgBhAHAAcABsAGUAfgBDAGwAbwB1AGQARABvAGMAcwAvAEEAYwBhAGQAZQBtAGkAYwBzAC8ATQBhAHMAdABlAHIgGABzACAAVABoAGUAcwBpAHMALwBMAGkAdABlAHIAYQB0AHUAcgBlAC8ARQBmAGYAaQBjAGkAZQBuAHQAIABhAG4AZAAgAFAAcgBvAHYAYQBiAGwAZQAgAEwAbwBjAGEAbAAgAEMAYQBwAGEAYgBpAGwAaQB0AHkAIABSAGUAdgBvAGMAYQB0AGkAbwBuACAAdQBzAGkAbgBnACAAVQBuAGkAbgBpAHQAaQBhAGwAaQB6AGUAZAAgAEMAYQBwAGEAYgBpAGwAaQB0AGkAZQBzAC4AcABkAGZPEQMAAAAAAAMAAAIAAAxNYWNpbnRvc2ggSEQAAAAAAAAAAAAAAAAAAAAAAAAAQkQAAf////8fRWZmaWNpZW50IGFuZCBQcm92I0ZGRkZGRkZGLnBkZgAAAAAAAAAAAAAAAAAAAAAAAAAAAAAAAAAAAAAAAAAA/////wAAAAAAAAAAAAAAAAAEAAcAAAogY3UAAAAAAAAAAAAAAAAACkxpdGVyYXR1cmUAAgC6LzpVc2VyczpjdHhwcGM6TGlicmFyeTpNb2JpbGUgRG9jdW1lbnRzOmNvbX5hcHBsZX5DbG91ZERvY3M6QWNhZGVtaWNzOk1hc3RlcuKAmHMgVGhlc2lzOkxpdGVyYXR1cmU6RWZmaWNpZW50IGFuZCBQcm92YWJsZSBMb2NhbCBDYXBhYmlsaXR5IFJldm9jYXRpb24gdXNpbmcgVW5pbml0aWFsaXplZCBDYXBhYmlsaXRpZXMucGRmAA4AsABXAEUAZgBmAGkAYwBpAGUAbgB0ACAAYQBuAGQAIABQAHIAbwB2AGEAYgBsAGUAIABMAG8AYwBhAGwAIABDAGEAcABhAGIAaQBsAGkAdAB5ACAAUgBlAHYAbwBjAGEAdABpAG8AbgAgAHUAcwBpAG4AZwAgAFUAbgBpAG4AaQB0AGkAYQBsAGkAegBlAGQAIABDAGEAcABhAGIAaQBsAGkAdABpAGUAcwAuAHAAZABmAA8AGgAMAE0AYQBjAGkAbgB0AG8AcwBoACAASABEABIAuFVzZXJzL2N0eHBwYy9MaWJyYXJ5L01vYmlsZSBEb2N1bWVudHMvY29tfmFwcGxlfkNsb3VkRG9jcy9BY2FkZW1pY3MvTWFzdGVy4oCYcyBUaGVzaXMvTGl0ZXJhdHVyZS9FZmZpY2llbnQgYW5kIFByb3ZhYmxlIExvY2FsIENhcGFiaWxpdHkgUmV2b2NhdGlvbiB1c2luZyBVbmluaXRpYWxpemVkIENhcGFiaWxpdGllcy5wZGYAEwABLwAAFQACAA3//wAAAAgADQAaACQBkQAAAAAAAAIBAAAAAAAAAAUAAAAAAAAAAAAAAAAAAASV}}
